@article{Pham2023,
  title = {Hybrid data augmentation and deep attention-based dilated convolutional-recurrent neural networks for speech emotion recognition},
  volume = {230},
  ISSN = {0957-4174},
  url = {http://dx.doi.org/10.1016/j.eswa.2023.120608},
  DOI = {10.1016/j.eswa.2023.120608},
  journal = {Expert Systems with Applications},
  publisher = {Elsevier BV},
  author = {Pham,  Nhat Truong and Dang,  Duc Ngoc Minh and Nguyen,  Ngoc Duy and Nguyen,  Thanh Thi and Nguyen,  Hai and Manavalan,  Balachandran and Lim,  Chee Peng and Nguyen,  Sy Dzung},
  year = {2023},
  month = nov,
  pages = {120608}
}

@article{Koduru2020,
  title = {Feature extraction algorithms to improve the speech emotion recognition rate},
  volume = {23},
  ISSN = {1572-8110},
  url = {http://dx.doi.org/10.1007/s10772-020-09672-4},
  DOI = {10.1007/s10772-020-09672-4},
  number = {1},
  journal = {International Journal of Speech Technology},
  publisher = {Springer Science and Business Media LLC},
  author = {Koduru,  Anusha and Valiveti,  Hima Bindu and Budati,  Anil Kumar},
  year = {2020},
  month = jan,
  pages = {45–55}
}

@article{Zhang2018,
  title = {Speech Emotion Recognition Using Deep Convolutional Neural Network and Discriminant Temporal Pyramid Matching},
  volume = {20},
  ISSN = {1941-0077},
  url = {http://dx.doi.org/10.1109/TMM.2017.2766843},
  DOI = {10.1109/tmm.2017.2766843},
  number = {6},
  journal = {IEEE Transactions on Multimedia},
  publisher = {Institute of Electrical and Electronics Engineers (IEEE)},
  author = {Zhang,  Shiqing and Zhang,  Shiliang and Huang,  Tiejun and Gao,  Wen},
  year = {2018},
  month = jun,
  pages = {1576–1590}
}

@article{Hashem2023,
  title = {Speech emotion recognition approaches: A systematic review},
  volume = {154},
  ISSN = {0167-6393},
  url = {http://dx.doi.org/10.1016/j.specom.2023.102974},
  DOI = {10.1016/j.specom.2023.102974},
  journal = {Speech Communication},
  publisher = {Elsevier BV},
  author = {Hashem,  Ahlam and Arif,  Muhammad and Alghamdi,  Manal},
  year = {2023},
  month = oct,
  pages = {102974}
}

@misc{Roberts2020, 
  title={Understanding the mel spectrogram}, 
  url={https://medium.com/analytics-vidhya/understanding-the-mel-spectrogram-fca2afa2ce53}, 
  journal={Medium}, 
  publisher={Analytics Vidhya}, 
  author={Roberts, Leland}, 
  year={2020}, 
  month={Mar}
}

@article{Chen2018,
  author={Chen, Mingyi and He, Xuanji and Yang, Jing and Zhang, Han},
  journal={IEEE Signal Processing Letters}, 
  title={3-D Convolutional Recurrent Neural Networks With Attention Model for Speech Emotion Recognition}, 
  year={2018},
  volume={25},
  number={10},
  pages={1440-1444},
  keywords={Feature extraction;Convolution;Recurrent neural networks;Speech recognition;Emotion recognition;Solid modeling;Task analysis;Attention mechanism;convolutional recurrent neural networks (CRNN);speech emotion recognition (SER)},
  doi={10.1109/LSP.2018.2860246}}

@article{Orhan2021,
title = {Attention guided 3D CNN-LSTM model for accurate speech based emotion recognition},
journal = {Applied Acoustics},
volume = {182},
pages = {108260},
year = {2021},
issn = {0003-682X},
doi = {https://doi.org/10.1016/j.apacoust.2021.108260},
url = {https://www.sciencedirect.com/science/article/pii/S0003682X21003546},
author = {Orhan Atila and Abdulkadir Şengür},
keywords = {Speech emotion recognition, Attention, 3D CNN-LSTM model},
}

@ARTICLE{Peng2020,
  author={Peng, Zhichao and Li, Xingfeng and Zhu, Zhi and Unoki, Masashi and Dang, Jianwu and Akagi, Masato},
  journal={IEEE Access}, 
  title={Speech Emotion Recognition Using 3D Convolutions and Attention-Based Sliding Recurrent Networks With Auditory Front-Ends}, 
  year={2020},
  volume={8},
  number={},
  pages={16560-16572},
  keywords={Feature extraction;Speech recognition;Emotion recognition;Three-dimensional displays;Frequency modulation;Convolution;Auditory front-ends;3D convolutions;joint spectral-temporal representations;attention-based sliding recurrent networks;speech emotion recognition},
  doi={10.1109/ACCESS.2020.2967791}}

@INPROCEEDINGS{Bhatlawande2024,
  author={Bhatlawande, Shripad and Telgote, Vipassana and Agrawal, Sanskar and Shilaskar, Swati},
  booktitle={2024 International Conference on Cognitive Robotics and Intelligent Systems (ICC - ROBINS)}, 
  title={Decoding Emotions from Sound: A Comprehensive Approach to Audio Emotion Recognition}, 
  year={2024},
  volume={},
  number={},
  pages={513-518},
  keywords={Training;Emotion recognition;Noise;Speech recognition;Linguistics;Background noise;Reliability;RAVDESS;Audio Sentiment Recognition;Mel Spectrogram;Adam optimization},
  doi={10.1109/ICC-ROBINS60238.2024.10533914}}